<record><leader>00000cas a22000007a 4500</leader><controlfield tag="001">13460512</controlfield><controlfield tag="008">860421d18uu1920wiuwr ne      0    0ger d</controlfield><datafield ind1=" " ind2=" " tag="010"><subfield code="a">sn 86086180 </subfield></datafield><datafield ind1=" " ind2=" " tag="040"><subfield code="a">NPV</subfield><subfield code="b">eng</subfield><subfield code="c">NPV</subfield><subfield code="d">MN#</subfield><subfield code="d">OCL</subfield><subfield code="d">OCLCQ</subfield><subfield code="d">OCLCF</subfield><subfield code="d">OCLCO</subfield></datafield><datafield ind1="0" ind2=" " tag="041"><subfield code="a">gereng</subfield></datafield><datafield ind1=" " ind2=" " tag="042"><subfield code="a">msc</subfield></datafield><datafield ind1=" " ind2=" " tag="043"><subfield code="a">n-us-mn</subfield></datafield><datafield ind1=" " ind2=" " tag="045"><subfield code="a">w9x2</subfield></datafield><datafield ind1=" " ind2=" " tag="052"><subfield code="a">4123</subfield><subfield code="b">L2</subfield></datafield><datafield ind1=" " ind2=" " tag="052"><subfield code="a">4144</subfield><subfield code="b">W8</subfield></datafield><datafield ind1=" " ind2=" " tag="052"><subfield code="a">4143</subfield><subfield code="b">W8</subfield></datafield><datafield ind1="0" ind2="0" tag="245"><subfield code="a">Herold und Volksfreund.</subfield></datafield><datafield ind1="1" ind2="3" tag="246"><subfield code="a">Im Familienkriese</subfield></datafield><datafield ind1="1" ind2="3" tag="246"><subfield code="a">Westlicher Herold</subfield></datafield><datafield ind1="1" ind2="3" tag="246"><subfield code="a">Rundschau und Wecker Ausgabe</subfield></datafield><datafield ind1="1" ind2="3" tag="246"><subfield code="a">Herold und Volksfreund und Rundschau</subfield></datafield><datafield ind1=" " ind2=" " tag="260"><subfield code="a">La Crosse, Wis. :</subfield><subfield code="b">Volksfreund Pub. Co.,</subfield><subfield code="c">-1920.</subfield></datafield><datafield ind1=" " ind2=" " tag="300"><subfield code="a">v.</subfield></datafield><datafield ind1=" " ind2=" " tag="310"><subfield code="a">Weekly</subfield></datafield><datafield ind1="0" ind2=" " tag="362"><subfield code="a">-Jahrg. 44, no. 41 (16 Oct. 1920).</subfield></datafield><datafield ind1=" " ind2=" " tag="500"><subfield code="a">Added masthead: Im Familienkriese, Jahrg. 23, No. 6 (7 Jan. 1899)--Jahrg. 43, No. 29 (27 July 1918).</subfield></datafield><datafield ind1=" " ind2=" " tag="500"><subfield code="a">Added masthead: Westlicher Herold, Jahrg. 40, No. 2 (12 Dec. 1919)--Jahrg. 40, No. 3 (30 Dec. 1919).</subfield></datafield><datafield ind1=" " ind2=" " tag="500"><subfield code="a">Added masthead: Rundschau und Wecker Ausgabe, March 27, 1920-Oct. 16, 1920.</subfield></datafield><datafield ind1=" " ind2=" " tag="500"><subfield code="a">Also published in Winona, Minn., 29 Oct. 1918-16 Oct. 1920.</subfield></datafield><datafield ind1=" " ind2=" " tag="500"><subfield code="a">Editors: W. Raetzmann, April 16, 1898-May 14, 1898; J. Baenziger, May 21, 1898-Aug. 6, 1898; G. Kuehn, Oct. 29, 1918-Oct. 16, 1920.</subfield></datafield><datafield ind1=" " ind2=" " tag="525"><subfield code="a">Supplements accompany some issues.</subfield></datafield><datafield ind1=" " ind2=" " tag="530"><subfield code="a">Available on microfilm from The State Historical Society of Wisconsin.</subfield></datafield><datafield ind1=" " ind2=" " tag="530"><subfield code="a">Available on microfilm from the Minnesota Historical Society.</subfield></datafield><datafield ind1=" " ind2=" " tag="546"><subfield code="a">In German with some columns in English.</subfield></datafield><datafield ind1=" " ind2=" " tag="588"><subfield code="a">Description based on: Jahrg. 22, no. 7 (15 Jan. 1898).</subfield></datafield><datafield ind1=" " ind2="0" tag="650"><subfield code="a">Germans</subfield><subfield code="z">United States</subfield><subfield code="v">Newspapers.</subfield></datafield><datafield ind1=" " ind2="0" tag="651"><subfield code="a">La Crosse (Wis.)</subfield><subfield code="v">Newspapers.</subfield></datafield><datafield ind1=" " ind2="0" tag="651"><subfield code="a">Winona (Minn.)</subfield><subfield code="v">Newspapers.</subfield></datafield><datafield ind1=" " ind2="7" tag="655"><subfield code="a">Newspapers.</subfield><subfield code="2">fast</subfield><subfield code="0">(OCoLC)fst01423814</subfield></datafield><datafield ind1=" " ind2="7" tag="650"><subfield code="a">Germans.</subfield><subfield code="2">fast</subfield><subfield code="0">(OCoLC)fst00942100</subfield></datafield><datafield ind1=" " ind2="7" tag="651"><subfield code="a">Minnesota</subfield><subfield code="z">Winona.</subfield><subfield code="2">fast</subfield><subfield code="0">(OCoLC)fst01202921</subfield></datafield><datafield ind1=" " ind2="7" tag="651"><subfield code="a">United States.</subfield><subfield code="2">fast</subfield><subfield code="0">(OCoLC)fst01204155</subfield></datafield><datafield ind1=" " ind2="7" tag="651"><subfield code="a">Wisconsin</subfield><subfield code="z">La Crosse.</subfield><subfield code="2">fast</subfield><subfield code="0">(OCoLC)fst01207161</subfield></datafield><datafield ind1=" " ind2=" " tag="752"><subfield code="a">United States</subfield><subfield code="b">Wisconsin</subfield><subfield code="c">La Crosse</subfield><subfield code="d">La Crosse.</subfield></datafield><datafield ind1=" " ind2=" " tag="752"><subfield code="a">United States</subfield><subfield code="b">Minnesota</subfield><subfield code="c">Winona</subfield><subfield code="d">Winona.</subfield></datafield><datafield ind1="0" ind2="0" tag="785"><subfield code="t">Wisconsin Wochenblatt (La Crosse-Portage ed. : 1920)</subfield></datafield></record>